<?xml version="1.0" encoding="UTF-8"?><collection xmlns="http://www.loc.gov/MARC21/slim"><record><leader>00551nam--2200193-i-4500</leader><controlfield tag="001">000024280</controlfield><controlfield tag="002">20161230</controlfield><controlfield tag="005">20161230201035</controlfield><controlfield tag="008">060222s1000------------r-----000-0-eng-d</controlfield><datafield ind1=" " ind2=" " tag="040"><subfield code="a">IFIN-HH</subfield></datafield><datafield ind1=" " ind2=" " tag="080"><subfield code="a">620.191</subfield></datafield><datafield ind1="1" ind2=" " tag="100"><subfield code="a">Hirth, John Price</subfield></datafield><datafield ind1="1" ind2="0" tag="245"><subfield code="a">Theory of dislocations</subfield><subfield code="c">John price hirth, jens lothe</subfield></datafield><datafield ind1=" " ind2=" " tag="260"><subfield code="a">New York</subfield><subfield code="b">Mcgraw-hill Book Company</subfield><subfield code="c">1968</subfield></datafield><datafield ind1=" " ind2=" " tag="300"><subfield code="a">XI + 780 P</subfield></datafield><datafield ind1=" " ind2=" " tag="490"><subfield code="a">Mcgraw-hill Series In Materials Science And Engineering</subfield></datafield><datafield ind1="1" ind2=" " tag="700"><subfield code="a">Lothe, Jens</subfield></datafield><datafield ind1=" " ind2=" " tag="852"><subfield code="a">34592</subfield><subfield code="c">539.2</subfield></datafield><datafield ind1=" " ind2=" " tag="CAT"><subfield code="a">Sys</subfield><subfield code="c">20121018</subfield><subfield code="h">165611</subfield></datafield></record></collection>